<record><leader>00000cas a22000007a 4500</leader><controlfield tag="001">17512027</controlfield><controlfield tag="008">880222d19451964nyuwr ne      0    0eng d</controlfield><datafield ind1=" " ind2=" " tag="010"><subfield code="a">sn 88075662 </subfield></datafield><datafield ind1=" " ind2=" " tag="040"><subfield code="a">NYG</subfield><subfield code="b">eng</subfield><subfield code="c">NYG</subfield><subfield code="d">NYS</subfield><subfield code="d">OCLCQ</subfield><subfield code="d">WKM</subfield><subfield code="d">OCLCQ</subfield><subfield code="d">OCLCF</subfield><subfield code="d">OCLCO</subfield></datafield><datafield ind1="1" ind2=" " tag="029"><subfield code="a">AU@</subfield><subfield code="b">000025833674</subfield></datafield><datafield ind1=" " ind2=" " tag="042"><subfield code="a">msc</subfield></datafield><datafield ind1=" " ind2=" " tag="043"><subfield code="a">n-us-ny</subfield></datafield><datafield ind1="0" ind2="4" tag="245"><subfield code="a">The Cobleskill index, the Schoharie Republican.</subfield></datafield><datafield ind1="1" ind2="3" tag="246"><subfield code="a">Cobleskill index</subfield></datafield><datafield ind1="1" ind2="3" tag="246"><subfield code="a">Schoharie Republican</subfield></datafield><datafield ind1="3" ind2="0" tag="246"><subfield code="a">Cobleskill index, continuing for the duration, the Schoharie Republican</subfield></datafield><datafield ind1=" " ind2=" " tag="260"><subfield code="a">Cobleskill, N.Y. :</subfield><subfield code="b">Dorothy P. Mann</subfield></datafield><datafield ind1=" " ind2=" " tag="300"><subfield code="a">v.</subfield></datafield><datafield ind1=" " ind2=" " tag="310"><subfield code="a">Weekly</subfield></datafield><datafield ind1="0" ind2=" " tag="362"><subfield code="a">Vol. 80, no. 40 (Apr. 12, 1945)-v. 99, no. 34 (Feb. 6, 1964).</subfield></datafield><datafield ind1=" " ind2=" " tag="500"><subfield code="a">Issues from Apr. 12, 1945 through Nov. 8, 1945 were titled "The Cobleskill index, continuing for the duration, the Schoharie Republican."</subfield></datafield><datafield ind1=" " ind2="0" tag="651"><subfield code="a">Cobleskill (N.Y.)</subfield><subfield code="v">Newspapers.</subfield></datafield><datafield ind1=" " ind2="0" tag="651"><subfield code="a">Schoharie County (N.Y.)</subfield><subfield code="v">Newspapers.</subfield></datafield><datafield ind1=" " ind2="7" tag="655"><subfield code="a">Newspapers.</subfield><subfield code="2">fast</subfield><subfield code="0">(OCoLC)fst01423814</subfield></datafield><datafield ind1=" " ind2="7" tag="651"><subfield code="a">New York (State)</subfield><subfield code="z">Cobleskill.</subfield><subfield code="2">fast</subfield><subfield code="0">(OCoLC)fst01220346</subfield></datafield><datafield ind1=" " ind2="7" tag="651"><subfield code="a">New York (State)</subfield><subfield code="z">Schoharie County.</subfield><subfield code="2">fast</subfield><subfield code="0">(OCoLC)fst01211828</subfield></datafield><datafield ind1=" " ind2=" " tag="752"><subfield code="a">United States</subfield><subfield code="b">New York</subfield><subfield code="c">Schoharie</subfield><subfield code="d">Cobleskill.</subfield></datafield><datafield ind1="0" ind2="4" tag="780"><subfield code="t">Cobleskill index</subfield><subfield code="w">(DLC)sn 83031265</subfield></datafield><datafield ind1="0" ind2="4" tag="780"><subfield code="t">Schoharie Republican (Schoharie, N.Y. : 1924)</subfield><subfield code="w">(DLC)sn 88045805</subfield></datafield><datafield ind1="0" ind2="7" tag="785"><subfield code="t">Times-journal (Cobleskill, N.Y. : 1955)</subfield><subfield code="w">(DLC)sn 88074432</subfield></datafield><datafield ind1="0" ind2="7" tag="785"><subfield code="t">Times-journal, the Cobleskill index</subfield><subfield code="w">(DLC)sn 84031819</subfield></datafield></record>